@Article{gali_monacelli,
  author={Jordi Galí and Tommaso Monacelli},
  title={{Monetary Policy and Exchange Rate Volatility in a Small Open Economy}},
  journal={Review of Economic Studies},
  year=2005,
  volume={72},
  number={3},
  pages={707-734},
  }

  @article{rhee,
  title={Optimal monetary policy in a small open economy with staggered wage and price contracts},
  author={Rhee, Hyuk-jae and Turdaliev, Nurlan},
  journal={Journal of International Money and Finance},
  volume={37},
  pages={306--323},
  year={2013},
  publisher={Elsevier}
}

@book{gali2015,
  title={Monetary policy, inflation, and the business cycle: an introduction to the new Keynesian framework and its applications},
  author={Galí, Jordi},
  year={2015},
  publisher={Princeton University Press}
}

@article{erceg,
  title={Optimal monetary policy with staggered wage and price contracts},
  author={Erceg, Christopher J and Henderson, Dale W and Levin, Andrew T},
  journal={Journal of monetary Economics},
  volume={46},
  number={2},
  pages={281--313},
  year={2000},
  publisher={Elsevier}
}

@techreport{gali_monacelli2002,
 title = "Monetary Policy and Exchange Rate Volatility in a Small Open Economy",
 author = "Jordi Galí and Tommaso Monacelli",
 institution = "National Bureau of Economic Research",
 type = "Working Paper",
 series = "Working Paper Series",
 number = "8905",
 year = "2002",
 month = "April",
url = "http://www.nber.org/papers/w8905"
}

@article{drago,
author="Drago Bergholt",
title="The Basic New Keynesian Model",
journal="Lecture notes",
year=2012,
month="Jan.",
institution = "Norwegian Business School",
url="https://bergholt.weebly.com/uploads/1/1/8/4/11843961/the\_basic\_new\_keynesian\_model\_-\_drago\_bergholt.pdf"
}

@article{calvo,
author="Guillermo A. Calvo",
title="Staggered Prices in a Utility-Maximizing Framework",
journal="Journal of Monetary Economics",
volume={12},
number={3},
pages={383--398},
year=1983,
month="Sep.",
publisher={Elsevier}
}

@article{taylor_policy,
author="John B. Taylor",
title="Discretion versus policy rules in practice",
journal="Carnegie-Rochester Conference Series on Public Policy",
volume={39},
number={1},
pages={195--214},
year=1993,
month="Dec.",
}

@article{friedman,
author="Milton Friedman",
title="The Role of Monetary Policy",
journal="The American Economic Review",
volume={58},
number={3},
pages={326--334},
year=1968,
month="Mar.",
publisher={The University of Chicago Press},
url="https://www.jstor.org/stable/1830957"
}

@article{lucas,
author="Lucas, Robert E., Jr",
title="Some International Evidence on Output-Inflation Tradeoff",
journal="The American Economic Review",
volume={63},
number={3},
year=1973,
month="Jun.",
}

@article{fisher,
author="Irvino Fisher",
title="The Business Cycle Largely a 'Dance of the Dollar'",
journal="American Statistical Association",
volume={18},
number={144},
pages={1024--1028},
year=1923,
month="Dec.",
publisher={The University of Chicago Press},
url="https://www.jstor.org/stable/2965663"
}

@book{woodford,
  title={Interest and Prices: Foundations of a Theory of Monetary Policy},
  author="Michael Woodford",
  year={2003},
  publisher={Princeton University Press}
}
Footer
© 2022 GitHu

